10400000         20054603700011044477301PP   0000   0406490006000710848 SECRETARIA MUNICIPAL DE TRANSPCAIXA                                   22106202412094900020005001600                                                      000            
10400011C2041030 20054603700011044477301000101      0406490006000710848 SECRETARIA MUNICIPAL DE TRANSP                                        R DONA MARIANA                00004ANDAR 7        RIO DE JANEIRO      22280020RJ        00        
1040001300001A0000183410600700000000263756 LUCIANE PEREIRA LIMA LOUREIRO 000166              21062024BRL000000000000000000000000000413000000031   01N0  0101010001000000000000000                                        00          0BD        
1040001300002B   100082773335791                              00000                                                  00000000  21062024000000000000000000000000000000000000000000000000000000000000000000000000000000000000000000       60701190
1040001300003A0000183410481510000000112299 AGUINALDO PAIVA RIBEIRO       000167              21062024BRL000000000000000000000000000413000000032   01N0  0101010001000000000000000                                        00          0BD        
1040001300004B   100036980439715                              00000                                                  00000000  21062024000000000000000000000000000000000000000000000000000000000000000000000000000000000000000000       60701190
1040001300005A0000183410037000000000173429 MARCIA DUARTE SEIXAS          000168              21062024BRL000000000000000000000000000413000000033   01N0  0101010001000000000000000                                        00          0BD        
1040001300006B   100002817598717                              00000                                                  00000000  21062024000000000000000000000000000000000000000000000000000000000000000000000000000000000000000000       60701190
1040001300007A0000180330297770000020949218 JOCIMAR GOMES DUARTE          000169              21062024BRL000000000000000000000000000413000000034   01N0  0101010001000000000000000                                        00          0BD        
1040001300008B   100002486069720                              00000                                                  00000000  21062024000000000000000000000000000000000000000000000000000000000000000000000000000000000000000000       90400888
1040001300009A0000183410159540000000383009 INES FERNANDES                000170              21062024BRL000000000000000000000000000413000000035   01N0  0101010001000000000000000                                        00          0BD        
1040001300010B   100079464637749                              00000                                                  00000000  21062024000000000000000000000000000000000000000000000000000000000000000000000000000000000000000000       60701190
1040001300011A0000183410832750000000325513 CARLOS DOS SANTOS SOARES      000171              21062024BRL000000000000000000000000000413000000036   01N0  0101010001000000000000000                                        00          0BD        
1040001300012B   100011686961782                              00000                                                  00000000  21062024000000000000000000000000000000000000000000000000000000000000000000000000000000000000000000       60701190
1040001300013A0000183410159540000000299650 MARIO FELIX SEIXAS            000172              21062024BRL000000000000000000000000000413000000037   01N0  0101010001000000000000000                                        00          0BD        
1040001300014B   100099427036753                              00000                                                  00000000  21062024000000000000000000000000000000000000000000000000000000000000000000000000000000000000000000       60701190
1040001300015A0000183410159540000000094697 JOSE MARTINS CORREIA          000173              21062024BRL000000000000000000000000000413000000038   01N0  0101010001000000000000000                                        00          0BD        
1040001300016B   100054810183734                              00000                                                  00000000  21062024000000000000000000000000000000000000000000000000000000000000000000000000000000000000000000       60701190
1040001300017A0000180330427140000010573253 DIMAS CASCIMIRO DE ARAUJO JUNI000174              21062024BRL000000000000000000000000000413000000039   01N0  0101010001000000000000000                                        00          0BD        
1040001300018B   100002950233767                              00000                                                  00000000  21062024000000000000000000000000000000000000000000000000000000000000000000000000000000000000000000       90400888
1040001300019A0000183410609840000000103952 RENATO MAXIQUEIRA             000175              21062024BRL000000000000000000000000000413000000040   01N0  0101010001000000000000000                                        00          0BD        
1040001300020B   100001228098743                              00000                                                  00000000  21062024000000000000000000000000000000000000000000000000000000000000000000000000000000000000000000       60701190
1040001300021A0000180330209400000010223384 LUIZ CARLOS FURTADO DE MELO   000176              21062024BRL000000000000000000000000000413000000041   01N0  0101010001000000000000000                                        00          0BD        
1040001300022B   100066172969749                              00000                                                  00000000  21062024000000000000000000000000000000000000000000000000000000000000000000000000000000000000000000       90400888
1040001300023A0000183410159540000000375492 ANDRE LUIS LOPES              000177              21062024BRL000000000000000000000000000413000000042   01N0  0101010001000000000000000                                        00          0BD        
1040001300024B   100007713033785                              00000                                                  00000000  21062024000000000000000000000000000000000000000000000000000000000000000000000000000000000000000000       60701190
1040001300025A0000182600000190000090302747 YURI DELLATORE MACIQUEIRA     000178              21062024BRL000000000000000000000000000413000000043   01N0  0101010001000000000000000                                        00          0BD        
1040001300026B   100016494896766                              00000                                                  00000000  21062024000000000000000000000000000000000000000000000000000000000000000000000000000000000000000000       18236120
1040001300027A0000183410159540000000476753 MARIO LUIS ROMAO NUNES        000179              21062024BRL000000000000000000000000000413000000044   01N0  0101010001000000000000000                                        00          0BD        
1040001300028B   100092432395700                              00000                                                  00000000  21062024000000000000000000000000000000000000000000000000000000000000000000000000000000000000000000       60701190
1040001300029A0000182600026070000668767199 JOSE ALIRIO PEREIRA DELFINO   000180              21062024BRL000000000000000000000000000413000000045   01N0  0101010001000000000000000                                        00          0BD        
1040001300030B   100067293352700                              00000                                                  00000000  21062024000000000000000000000000000000000000000000000000000000000000000000000000000000000000000000       18236120
1040001300031A0000183180004930000145281402 RICARDO HENRIQUE DA SILVA FERN000181              21062024BRL000000000000000000000000000413000000046   01N0  0101010001000000000000000                                        00          0BD        
1040001300032B   100030828026807                              00000                                                  00000000  21062024000000000000000000000000000000000000000000000000000000000000000000000000000000000000000000       61186680
1040001300033A0000180290456750000000115235 ROSEMAR FURTADO GONZALEZ      000182              21062024BRL000000000000000000000000000413000000047   01N0  0101010001000000000000000                                        00          0BD        
1040001300034B   100090885783700                              00000                                                  00000000  21062024000000000000000000000000000000000000000000000000000000000000000000000000000000000000000000       33885724
1040001300035A0000183410159540000000536358 FEORAVANTE RODRIGUES SILVA    000183              21062024BRL000000000000000000000000000826000000048   01N0  0101010001000000000000000                                        00          0BD        
1040001300036B   100007077394700                              00000                                                  00000000  21062024000000000000000000000000000000000000000000000000000000000000000000000000000000000000000000       60701190
1040001300037A0000182370005900000005004721 ROZEMERI VIEIRA DA SILVA      000184              21062024BRL000000000000000000000000000826000000049   01N0  0101010001000000000000000                                        00          0BD        
1040001300038B   100001867921740                              00000                                                  00000000  21062024000000000000000000000000000000000000000000000000000000000000000000000000000000000000000000       60746948
1040001300039A0000183360000190000302103279 SILVIA REIS MACIQUEIRA        000185              21062024BRL000000000000000000000000001651000000050   01N0  0101010001000000000000000                                        00          0BD        
1040001300040B   100007490817757                              00000                                                  00000000  21062024000000000000000000000000000000000000000000000000000000000000000000000000000000000000000000       31872495
10400015         000042000000000000010324000000000000000000000000                                                                                                                                                                     00        
10400021C2041030 20054603700011044477301000101      0406490006fv000710848 SECRETARIA MUNICIPAL DE TRANSP                                        R DONA MARIANA                00004ANDAR 7        RIO DE JANEIRO      22280020RJ        00        
1040002300001A000018260    0 0000910162011 MARIA DA GUIA BARROS DA COSTA 000186             114062024BRL000000000000000000000000001238000000000   01N1000000000000000000000000000                                        00         S0EA        
1040002300002B   100003818429405                              00000                                                  00000     14062024000000000000000000000000000000000000000000000000000000000000000000000000000                  S           
1040002300003A00001818401595 0000000219385 JOAO SALES DE ALBUQUERQUE     000187             121062024BRL000000000000000000000000000413000000000   01N1000000000000000000000000000                                        00         S0AL        
1040002300004B   100029709920782                              00000                                                  00000     21062024000000000000000000000000000000000000000000000000000000000000000000000000000                  S           
1040002300005A00001818406008 0000000393263 JOSE DIAS XIMENES             000188             121062024BRL000000000000000000000000000413000000000   01N1000000000000000000000000000                                        00         S0AL        
1040002300006B   100046285911649                              00000                                                  00000     21062024000000000000000000000000000000000000000000000000000000000000000000000000000                  S           
1040002300007A00001810400216 0005973018357 ELIANE VIEIRA DA SILVA        000189             121062024BRL000000000000000000000000000413000000000   01N1000000000000000000000000000                                        00         S0AL        
1040002300008B   100007575981705                              00000                                                  00000     21062024000000000000000000000000000000000000000000000000000000000000000000000000000                  S           
1040002300009A00001818401595 0000000431014 ROSEVAL PEREIRA DE SOUZA      000190             121062024BRL000000000000000000000000000826000000000   01N1000000000000000000000000000                                        00         S0AL        
1040002300010B   100086660098704                              00000                                                  00000     21062024000000000000000000000000000000000000000000000000000000000000000000000000000                  S           
10400025         000012000000000000003303000000000000000000000000                                                                                                                                                                     00        
10499999         000002000056000000                                                                                                                                                                                                             
