10400000         20054603700011044477301P    0000   0406490006000710848 CONTA BILHETAGEM  CB          CAIXA                                   10507202414465800010108001600                                                      000            
10400011C2041041 20054603700011044477301000101      0406490006000710848 CONTA BILHETAGEM  CB                                                  R DONA MARIANA                00048ANDAR 7        RIO DE JANEIRO      22280020RJ                  
1040001300001A00001834106007 0000000263756 LUCIANE PEREIRA LIMA LOUREIRO 000166             121062024BRL000000000000000000000000000413000000000   01N1000000000000000000000000000                                        00          0          
1040001300002B   100082773335791                              00000                                                  00000     21062024000000000000000000000000000000000000000000000000000000000000000000000000000                              
1040001300003A00001834104815 0000000112299 AGUINALDO PAIVA RIBEIRO       000167             121062024BRL000000000000000000000000000413000000000   01N1000000000000000000000000000                                        00          0          
1040001300004B   100036980439715                              00000                                                  00000     21062024000000000000000000000000000000000000000000000000000000000000000000000000000                              
1040001300005A00001834100370 0000000173429 MARCIA DUARTE SEIXAS          000168             121062024BRL000000000000000000000000000413000000000   01N1000000000000000000000000000                                        00          0          
1040001300006B   100002817598717                              00000                                                  00000     21062024000000000000000000000000000000000000000000000000000000000000000000000000000                              
1040001300007A00001803302977 0000020949218 JOCIMAR GOMES DUARTE          000169             121062024BRL000000000000000000000000000413000000000   01N1000000000000000000000000000                                        00          0          
1040001300008B   100002486069720                              00000                                                  00000     21062024000000000000000000000000000000000000000000000000000000000000000000000000000                              
1040001300009A00001834101595 0000000383009 INES FERNANDES                000170             121062024BRL000000000000000000000000000413000000000   01N1000000000000000000000000000                                        00          0          
1040001300010B   100079464637749                              00000                                                  00000     21062024000000000000000000000000000000000000000000000000000000000000000000000000000                              
1040001300011A00001834108327 0000000325513 CARLOS DOS SANTOS SOARES      000171             121062024BRL000000000000000000000000000413000000000   01N1000000000000000000000000000                                        00          0          
1040001300012B   100011686961782                              00000                                                  00000     21062024000000000000000000000000000000000000000000000000000000000000000000000000000                              
1040001300013A00001834101595 0000000299650 MARIO FELIX SEIXAS            000172             121062024BRL000000000000000000000000000413000000000   01N1000000000000000000000000000                                        00          0          
1040001300014B   100099427036753                              00000                                                  00000     21062024000000000000000000000000000000000000000000000000000000000000000000000000000                              
1040001300015A00001834101595 0000000094697 JOSE MARTINS CORREIA          000173             121062024BRL000000000000000000000000000413000000000   01N1000000000000000000000000000                                        00          0          
1040001300016B   100054810183734                              00000                                                  00000     21062024000000000000000000000000000000000000000000000000000000000000000000000000000                              
1040001300017A00001803304271 0000010573253 DIMAS CASCIMIRO DE ARAUJO JUNI000174             121062024BRL000000000000000000000000000413000000000   01N1000000000000000000000000000                                        00          0          
1040001300018B   100002950233767                              00000                                                  00000     21062024000000000000000000000000000000000000000000000000000000000000000000000000000                              
1040001300019A00001834106098 0000000103952 RENATO MAXIQUEIRA             000175             121062024BRL000000000000000000000000000413000000000   01N1000000000000000000000000000                                        00          0          
1040001300020B   100001228098743                              00000                                                  00000     21062024000000000000000000000000000000000000000000000000000000000000000000000000000                              
1040001300021A00001803302094 0000010223384 LUIZ CARLOS FURTADO DE MELO   000176             121062024BRL000000000000000000000000000413000000000   01N1000000000000000000000000000                                        00          0          
1040001300022B   100066172969749                              00000                                                  00000     21062024000000000000000000000000000000000000000000000000000000000000000000000000000                              
1040001300023A00001834101595 0000000375492 ANDRE LUIS LOPES              000177             121062024BRL000000000000000000000000000413000000000   01N1000000000000000000000000000                                        00          0          
1040001300024B   100007713033785                              00000                                                  00000     21062024000000000000000000000000000000000000000000000000000000000000000000000000000                              
1040001300025A00001826000001 0000090302747 YURI DELLATORE MACIQUEIRA     000178             121062024BRL000000000000000000000000000413000000000   01N1000000000000000000000000000                                        00          0          
1040001300026B   100016494896766                              00000                                                  00000     21062024000000000000000000000000000000000000000000000000000000000000000000000000000                              
1040001300027A00001834101595 0000000476753 MARIO LUIS ROMAO NUNES        000179             121062024BRL000000000000000000000000000413000000000   01N1000000000000000000000000000                                        00          0          
1040001300028B   100092432395700                              00000                                                  00000     21062024000000000000000000000000000000000000000000000000000000000000000000000000000                              
1040001300029A00001826000260 0000668767199 JOSE ALIRIO PEREIRA DELFINO   000180             121062024BRL000000000000000000000000000413000000000   01N1000000000000000000000000000                                        00          0          
1040001300030B   100067293352700                              00000                                                  00000     21062024000000000000000000000000000000000000000000000000000000000000000000000000000                              
1040001300031A00001831800049 0000145281402 RICARDO HENRIQUE DA SILVA FERN000181             121062024BRL000000000000000000000000000413000000000   01N1000000000000000000000000000                                        00          0          
1040001300032B   100030828026807                              00000                                                  00000     21062024000000000000000000000000000000000000000000000000000000000000000000000000000                              
1040001300033A00001802904567 0000000115235 ROSEMAR FURTADO GONZALEZ      000182             121062024BRL000000000000000000000000000413000000000   01N1000000000000000000000000000                                        00          0          
1040001300034B   100090885783700                              00000                                                  00000     21062024000000000000000000000000000000000000000000000000000000000000000000000000000                              
1040001300035A00001834101595 0000000536358 FEORAVANTE RODRIGUES SILVA    000183             121062024BRL000000000000000000000000000826000000000   01N1000000000000000000000000000                                        00          0          
1040001300036B   100007077394700                              00000                                                  00000     21062024000000000000000000000000000000000000000000000000000000000000000000000000000                              
1040001300037A00001823700059 0000005004721 ROZEMERI VIEIRA DA SILVA      000184             121062024BRL000000000000000000000000000826000000000   01N1000000000000000000000000000                                        00          0          
1040001300038B   100001867921740                              00000                                                  00000     21062024000000000000000000000000000000000000000000000000000000000000000000000000000                              
1040001300039A00001833600001 0000302103279 SILVIA REIS MACIQUEIRA        000185             121062024BRL000000000000000000000000001651000000000   01N1000000000000000000000000000                                        00          0          
1040001300040B   100007490817757                              00000                                                  00000     21062024000000000000000000000000000000000000000000000000000000000000000000000000000                              
1040001300041A00001826000001 0000910162011 MARIA DA GUIA BARROS DA COSTA 000186             114062024BRL000000000000000000000000001238000000000   01N1000000000000000000000000000                                        00          0          
1040001300042B   100003818429405                              00000                                                  00000     14062024000000000000000000000000000000000000000000000000000000000000000000000000000                              
1040001300043A00001818401595 0000000219385 JOAO SALES DE ALBUQUERQUE     000187             121062024BRL000000000000000000000000000413000000000   01N1000000000000000000000000000                                        00          0          
1040001300044B   100029709920782                              00000                                                  00000     21062024000000000000000000000000000000000000000000000000000000000000000000000000000                              
1040001300045A00001818401563 0000000663499 JOSE DIAS XIMENES             000188             121062024BRL000000000000000000000000000413000000000   01N1000000000000000000000000000                                        00          0          
1040001300046B   100046285911649                              00000                                                  00000     21062024000000000000000000000000000000000000000000000000000000000000000000000000000                              
1040001300049A00001818401595 0000000431014 ROSEVAL PEREIRA DE SOUZA      000190             121062024BRL000000000000000000000000000826000000000   01N1000000000000000000000000000                                        00          0          
1040001300050B   100086660098704                              00000                                                  00000     21062024000000000000000000000000000000000000000000000000000000000000000000000000000                              
10400015         000050000000000000013214000000000000000000000000                                                                                                                                                                               
10400021C2001041 20054603700011044477301000101      0406490006000710848 CONTA BILHETAGEM  CB                                                  R DONA MARIANA                00048ANDAR 7        RIO DE JANEIRO      22280020RJ                  
1040002300047A00001810400216 0005973018357 ELIANE VIEIRA DA SILVA        000189             121062024BRL000000000000000000000000000413000000000   01N1000000000000000000000000000                                        00          0          
1040002300048B   100007575981705                              00000                                                  00000     21062024000000000000000000000000000000000000000000000000000000000000000000000000000                              
10400025         000004000000000000000413000000000000000000000000                                                                                                                                                                               
10499999         000002000056000000                                                                                                                                                                                                             
