10400000         20054603700011044477301PP   0000   0406490006000710848 SECRETARIA MUNICIPAL DE TRANSPCAIXA                                   22806202419385300021105001600                                                      000            
10400011C2001030 20054603700011044477301000101      0406490006000710848 SECRETARIA MUNICIPAL DE TRANSP                                        R DONA MARIANA                00004ANDAR 7        RIO DE JANEIRO      22280020RJ        00        
1040001300001A0000181040021600000009298269 FABIO DE OLIVEIRA FARIAS      000157              01072024BRL000000000000000000000000000413000000075   01N0  0101010001000000000000000                                        00          0BD        
1040001300002B   100049511203720                              00000                                                  00000000  0107202400000000000000000000000000000000000000000000000000000000000000000000000000000000000000000000000000000000 
1040001300003A0000181040021600005973018357 ELIANE VIEIRA DA SILVA        000158              01072024BRL000000000000000000000000000413000000076   01N0  0101010001000000000000000                                        00          0BD        
1040001300004B   100007575981705                              00000                                                  00000000  0107202400000000000000000000000000000000000000000000000000000000000000000000000000000000000000000000000000000000 
10400015         000006000000000000000826000000000000000000000000                                                                                                                                                                     00        
10400021C2041030 20054603700011044477301000101      0406490006000710848 SECRETARIA MUNICIPAL DE TRANSP                                        R DONA MARIANA                00004ANDAR 7        RIO DE JANEIRO      22280020RJ        00        
1040002300001A0000183410159540000000375492 ANDRE LUIS LOPES              000154              01072024BRL000000000000000000000000000413000000068   01N0  0101010001000000000000000                                        00          0BD        
1040002300002B   100007713033785                              00000                                                  00000000  01072024000000000000000000000000000000000000000000000000000000000000000000000000000000000000000000       60701190
1040002300003A0000183410159540000000536358 FEORAVANTE RODRIGUES SILVA    000155              01072024BRL000000000000000000000000000826000000069   01N0  0101010001000000000000000                                        00          0BD        
1040002300004B   100007077394700                              00000                                                  00000000  01072024000000000000000000000000000000000000000000000000000000000000000000000000000000000000000000       60701190
1040002300005A0000180330209400000010223384 LUIZ CARLOS FURTADO DE MELO   000156              01072024BRL000000000000000000000000000826000000070   01N0  0101010001000000000000000                                        00          0BD        
1040002300006B   100066172969749                              00000                                                  00000000  01072024000000000000000000000000000000000000000000000000000000000000000000000000000000000000000000       90400888
1040002300007A0000182370278800000000060976 MARCELLO VARELLA              000159              01072024BRL000000000000000000000000000413000000071   01N0  0101010001000000000000000                                        00          0BD        
1040002300008B   100082934908704                              00000                                                  00000000  01072024000000000000000000000000000000000000000000000000000000000000000000000000000000000000000000       60746948
1040002300009A0000183410159540000000476753 MARIO LUIS ROMAO NUNES        000161              01072024BRL000000000000000000000000001238000000072   01N0  0101010001000000000000000                                        00          0BD        
1040002300010B   100092432395700                              00000                                                  00000000  01072024000000000000000000000000000000000000000000000000000000000000000000000000000000000000000000       60701190
1040002300011A0000183410159540000000383009 INES FERNANDES                000164              01072024BRL000000000000000000000000000413000000073   01N0  0101010001000000000000000                                        00          0BD        
1040002300012B   100079464637749                              00000                                                  00000000  01072024000000000000000000000000000000000000000000000000000000000000000000000000000000000000000000       60701190
1040002300013A0000183180004930000145281402 RICARDO HENRIQUE DA SILVA FERN000165              01072024BRL000000000000000000000000000826000000074   01N0  0101010001000000000000000                                        00          0BD        
1040002300014B   100030828026807                              00000                                                  00000000  01072024000000000000000000000000000000000000000000000000000000000000000000000000000000000000000000       61186680
10400025         000016000000000000004955000000000000000000000000                                                                                                                                                                     00        
10400031C2041030 20054603700011044477301000101      0406490006000710848 SECRETARIA MUNICIPAL DE TRANSP                                        R DONA MARIANA                00004ANDAR 7        RIO DE JANEIRO      22280020RJ        00        
1040003300001A00001818401595 0000000219385 JOAO SALES DE ALBUQUERQUE     000160             101072024BRL000000000000000000000000001238000000000   01N1000000000000000000000000000                                        00         S0AL        
1040003300002B   100029709920782                              00000                                                  00000     01072024000000000000000000000000000000000000000000000000000000000000000000000000000                  S           
1040003300003A00001818408327 0000000374644 EDUARDO CARLOS DE OLIVEIRA    000162             101072024BRL000000000000000000000000000826000000000   01N1000000000000000000000000000                                        00         S0AL        
1040003300004B   100010749367792                              00000                                                  00000     01072024000000000000000000000000000000000000000000000000000000000000000000000000000                  S           
1040003300005A00001818401563 0000000663499 JOSE DIAS XIMENES             000163             101072024BRL000000000000000000000000001238000000000   01N1000000000000000000000000000                                        00         S0AL        
1040003300006B   100046285911649                              00000                                                  00000     01072024000000000000000000000000000000000000000000000000000000000000000000000000000                  S           
10400035         000008000000000000003302000000000000000000000000                                                                                                                                                                     00        
10499999         000003000032000000                                                                                                                                                                                                             
