10400000         20054603700011044477301PP   0000   0406490006000710848 CONTA BILHETAGEM  CB          CAIXA                                   22106202411092400001208001600                                                      000  AHAHAHAHAH
10400011C2041041 20054603700011044477301000101      0406490006000710848 CONTA BILHETAGEM  CB                                                  R DONA MARIANA                00048ANDAR 7        RIO DE JANEIRO      22280020RJ                  
1040001300051A00001826000001 0000910162011 MARIA DA GUIA BARROS DA COSTA 000074             121062024BRL000000000000000000000000000413000000000   01N1000000000000000000000000000                                        00          0          
1040001300052B   100003818429405                              00000                                                  00000     21062024000000000000000000000000000000000000000000000000000000000000000000000000000                    AH        
1040001300053A00001803303403 0000130044428 CONSORCIO SANTA CRUZ TRANSPORT000075             121062024BRL000000000000000000000000058343000000000   01N1000000000000000000000000000                                        00          0          
1040001300054B   212464577000133                              00000                                                  00000     21062024000000000000000000000000000000000000000000000000000000000000000000000000000                    AH        
1040001300055A000018001022349000000296001X COMPANHIA MUNICIPAL DE TRANSPO000076             121062024BRL000000000000000000000007827437000000000   01N1000000000000000000000000000                                        00          0          
1040001300056B   244520687000161                              00000                                                  00000     21062024000000000000000000000000000000000000000000000000000000000000000000000000000                    AH        
1040001300057A00001803303403 0000130107587 CONSORCIO TRANSCARIOCA DE TRAN000077             121062024BRL000000000000000000000000059164000000000   01N1000000000000000000000000000                                        00          0          
1040001300058B   212464553000184                              00000                                                  00000     21062024000000000000000000000000000000000000000000000000000000000000000000000000000                    AH        
1040001300059A00001818406008 0000000393263 JOSE DIAS XIMENES             000078             121062024BRL000000000000000000000000001651000000000   01N1000000000000000000000000000                                        00          0          
1040001300060B   100046285911649                              00000                                                  00000     21062024000000000000000000000000000000000000000000000000000000000000000000000000000                    AH        
1040001300061A00001803303003 0000130804464 CONSORCIO INTERSUL TRANSPORTES000079             121062024BRL000000000000000000000000007581000000000   01N1000000000000000000000000000                                        00          0          
1040001300062B   212464869000176                              00000                                                  00000     21062024000000000000000000000000000000000000000000000000000000000000000000000000000                    AH        
1040001300063A00001834101595 0000000383009 INES FERNANDES                000080             128062024BRL000000000000000000000000000413000000000   01N1000000000000000000000000000                                        00          0          
1040001300064B   100079464637749                              00000                                                  00000     28062024000000000000000000000000000000000000000000000000000000000000000000000000000                    AH        
1040001300065A00001823700059 0000005004721 ROZEMERI VIEIRA DA SILVA      000081             121062024BRL000000000000000000000000000413000000000   01N1000000000000000000000000000                                        00          0          
1040001300066B   100001867921740                              00000                                                  00000     21062024000000000000000000000000000000000000000000000000000000000000000000000000000                    AH        
1040001300067A00001818401595 0000000219385 JOAO SALES DE ALBUQUERQUE     000082             121062024BRL000000000000000000000000000826000000000   01N1000000000000000000000000000                                        00          0          
1040001300068B   100029709920782                              00000                                                  00000     21062024000000000000000000000000000000000000000000000000000000000000000000000000000                    AH        
1040001300069A00001834101595 0000000094697 JOSE MARTINS CORREIA          000083             121062024BRL000000000000000000000000000413000000000   01N1000000000000000000000000000                                        00          0          
1040001300070B   100054810183734                              00000                                                  00000     21062024000000000000000000000000000000000000000000000000000000000000000000000000000                    AH        
1040001300071A00001834106007 0000000263756 LUCIANE PEREIRA LIMA LOUREIRO 000084             121062024BRL000000000000000000000000000826000000000   01N1000000000000000000000000000                                        00          0          
1040001300072B   100082773335791                              00000                                                  00000     21062024000000000000000000000000000000000000000000000000000000000000000000000000000                    AH        
1040001300073A00001803302271 0000130987857 CONCESSIONARIA DO VLT CARIOCA 000085             121062024BRL000000000000000000000001083541000000000   01N1000000000000000000000000000                                        00          0          
1040001300074B   218201378000119                              00000                                                  00000     21062024000000000000000000000000000000000000000000000000000000000000000000000000000                    AH        
1040001300075A00001803303403 0000130044459 CONSORCIO INTERNORTE DE TRANSP000086             121062024BRL000000000000000000000000147532000000000   01N1000000000000000000000000000                                        00          0          
1040001300076B   212464539000180                              00000                                                  00000     21062024000000000000000000000000000000000000000000000000000000000000000000000000000                    AH        
10400015         000028000000000009188553000000000000000000000000                                                                                                                                                                               
10499999         000001000030000000                                                                                                                                                                                                             
